@ARTICLE{moore:forth,
        AUTHOR = "C. Moore",
        TITLE = "FORTH: A New Way to Program a Mini-Computer",
        JOURNAL = "Astr. and Astrophys. Suppl.",
        VOLUME = {5},
        PAGES = {497-511},
        YEAR = {1974}   }
